@book{oprea2007differential,
  title     = {Differential Geometry and Its Applications},
  author    = {Oprea, John},
  edition   = {Second Edition},
  publisher = {The Mathematical Association of America},
  year      = {2007},
  isbn      = {978-0-88385-748-9},
  note      = {Classroom Resource Materials. Printed in the United States.}
}

@thesis{rigatti2023characterizing,
  title     = {Characterizing Geodesics on Surfaces of Revolution},
  author    = {Rigatti, Olivia Grace},
  school    = {Whitman College},
  year      = {2023},
  type      = {Undergraduate Honors Thesis},
  note      = {Submitted in partial fulfillment of the requirements for graduation with Honors in Mathematics}
}

@misc{atkins2018solving,
  title     = {Solving the Geodesic Equation},
  author    = {Atkins, Jeremy},
  year      = {2018},
  month     = dec,
  note      = {Preprint; December 12, 2018}
}

@article{khuangsatung2012geodesics,
  title     = {Some Geodesics in Open Surfaces Classified by Clairaut’s Relation},
  author    = {Khuangsatung, Wongvisarut and Chitsakul, Pakkinee},
  journal   = {International Journal of Mathematical and Computational Sciences},
  volume    = {6},
  number    = {9},
  year      = {2012},
  note      = {Available at: \url{http://waset.org/publication/Some-Geodesics-in-Open-Surfaces-Classified-by-Clairaut's-Relation/8123}}
}


@article{celano2022why,
  title     = {Why Curves Curve: The Geodesics on the Torus},
  author    = {Celano, Kyle and Coll, Vincent E. and Dodd, Jeff},
  journal   = {Mathematics Magazine},
  volume    = {95},
  number    = {3},
  pages     = {230--239},
  year      = {2022},
  doi       = {10.1080/0025570X.2022.2055349},
  url       = {https://doi.org/10.1080/0025570X.2022.2055349}
}


@misc{jia2024geodesics,
  title     = {Geodesics},
  author    = {Jia, Yan-Bin},
  year      = {2024},
  month     = dec,
  note      = {Lecture notes for COMS 4770/5770; December 12, 2024}
}

@misc{schwarzschildgeodesics2015,
  title     = {Schwarzschild geodesics},
  author    = {},
  year      = {2015},
  month     = apr,
  note      = {April 12, 2015}
}

@misc{alihaimoud2019geodesics,
  title     = {Geodesics of Schwarzschild},
  author    = {Ali-Häımoud, Yacine},
  year      = {2019},
  month     = nov,
  note      = {General Relativity Fall 2019 Lecture 20; November 7, 2019}
}

@book{carrol2019spacetime,
  title     = {Spacetime and Geometry: An Introduction to General Relativity},
  author    = {Carroll, Sean M.},
  edition   = {Third Edition},
  publisher = {Cambridge University Press},
  year      = {2019},
  isbn      = {978-1-108-42271-0},
  note      = {Cambridge University Press}
}

@misc{note32020covariant,
  title     = {Covariant differentiation},
  author    = {},
  year      = {2020},
  month     = sep,
  note      = {note3 [September 23, 2020]}
}