@mastersthesis{Rigatti2023,
  author = {Olivia Grace Rigatti},
  title = {Characterizing Geodesics on Surfaces of Revolution},
  school = {Whitman College},
  year = {2023},
  note = {Honors Thesis}
}

@misc{SupplementalLecture4,
  title = {Supplemental Lecture 4: Surfaces of Zero, Positive and Negative Gaussian Curvature. Euclidean, Spherical and Hyperbolic Geometry},
  note = {Lecture notes supplementing \emph{Special Relativity, Electrodynamics and General Relativity: From Newton to Einstein}.},
  year = {n.d.}
}

@article{Celano2022,
  author = {Kyle Celano and Vincent E. Coll and Jeff Dodd},
  title = {Why Curves Curve: The Geodesics on the Torus},
  journal = {Mathematics Magazine},
  volume = {95},
  number = {3},
  pages = {230--239},
  year = {2022},
  doi = {10.1080/0025570X.2022.2055349}
}

@mastersthesis{Ramirez2001,
  author = {Steven John Ramirez},
  title = {Geodesics of Ruled Surfaces},
  school = {California State University, San Bernardino},
  year = {2001},
  type = {Master's Thesis}
}

@book{Oprea2007,
  author = {John Oprea},
  title = {Differential Geometry and Its Applications},
  edition = {2nd},
  publisher = {The Mathematical Association of America},
  year = {2007},
  isbn = {978-0-88385-748-9}
}
